2630 3328
100 555 102 559 ’
142 552 337 606 „utnon
352 497 608 606 Strepsi'adi,
636 553 711 594 sed
741 552 908 595 Socrati
935 553 1036 594 dicti
1063 567 1158 594 esse
1182 540 1426 607 videantur3
1452 540 1773 604 demdo'h''vv
1784 543 1790 548 ’
1802 535 1959 601 sums..
1959 556 1963 560 ”

165 615 256 678 ‘qui
281 613 389 657 inter
415 630 482 657 vv.
512 617 591 658 411
624 624 667 658 et
695 617 775 659 423
805 617 1026 658 intercedit
1052 617 1158 658 male
1193 618 1498 674 interrumpunt
1522 618 1648 674 atque
1675 607 1825 662 eadem
1862 604 2092 662 sententia·
2132 630 2136 633 '

171 681 272 724 inde
299 696 324 722 a
351 696 387 721 v.
419 682 503 722 435
530 682 728 735 redeunt;
775 682 951 737 denique
995 682 1084 724 fere
1127 683 1305 724 adversa
1345 684 1482 724 fronte
1521 689 1756 737 repugnant
1785 685 1855 725 eis
1903 698 2011 739 quae
2062 664 2288 726 orator*
2262 699 2283 720 ⁸

171 745 270 788 inde
299 760 324 786 a
367 761 405 787 v.
448 747 552 788 1071
594 747 759 789 disertis
795 749 936 788 verbis
973 748 1199 802 praedicat.
1258 748 1397 798 Quare
1438 749 1630 790 dubitare
1663 764 1747 791 non
1785 763 2028 804 possumus,
2064 750 2163 806 quin
2198 749 2241 791 hi
2273 760 2356 791 vv.

172 813 313 866 priore
342 813 590 853 recensione
619 815 783 866 repetiti
815 814 868 853 ab
899 813 1031 853 altera
1060 814 1187 854 alieni
1215 815 1307 864 sint,
1338 815 1527 867 quamvis
1559 816 1628 868 qui
1658 815 1787 855 edidit
1823 814 2004 855 fabulam
2032 829 2104 855 eos
2142 814 2262 855 alteri
2297 800 2437 869 adsp-

169 881 261 916 tare
290 876 471 915 maxime
501 877 717 916 studuerit.
778 876 955 916 Accedit
980 878 1094 931 quod
1126 891 1266 916 omnes
1296 879 1553 918 recentiores
1586 879 1787 929 editores,
1814 880 1882 933 qui
1909 879 1969 918 de
1990 879 2069 918 hoc
2104 878 2200 918 loco
2240 885 2427 932 egerunt,

173 942 233 982 ita
260 954 347 980 rem
378 941 605 982 institutam
636 956 726 982 esse
757 941 1029 993 contendunt,
1055 942 1309 982 Biichelerus
1331 942 1559 984 Teuffelius
1589 944 1843 985 Fritzschius
1866 945 2069 985 Kockius.
2114 943 2164 985 G.
2181 943 2423 985 Hermanno

172 1006 476 1048 dubitationem
505 1006 546 1046 hi
575 1021 644 1049 vv.
670 1009 850 1047 movisse
883 1022 965 1047 non
996 1008 1198 1049 videntur.
1219 1007 1256 1061 ¹)
1276 1032 1326 1036 —
1347 1009 1396 1048 In
1426 1015 1611 1050 extrema
1629 1011 1748 1064 primi
1775 1010 1951 1064 episodii
1974 1015 2091 1063 parte
2111 1008 2423 1063 (mus—509)

171 1072 435 1125 Strepsiades
465 1085 489 1110 a
509 1073 684 1112 Socrate
715 1075 987 1122 examinatur,
1018 1088 1113 1112 num
1146 1076 1298 1112 initiari
1329 1082 1368 1113 et
1399 1076 1438 1113 in
1469 1075 1651 1114 scholam
1681 1077 1812 1128 recipi
1841 1077 1982 1129 possit.
2029 1074 2111 1124 Qui
2139 1075 2218 1115 hoc
2248 1089 2421 1115 examen

170 1138 424 1179 antecedunt
452 1154 519 1179 vv.
546 1139 628 1180 476
644 1154 704 1193 sq.
735 1154 813 1179 nos
845 1154 894 1179 eo
927 1139 1154 1190 offendunt,
1184 1139 1295 1193 quod
1328 1154 1507 1193 persona
1531 1140 1669 1180 subito
1701 1146 1856 1181 mutata
1886 1139 2035 1181 chorus
2063 1138 2116 1180 ad
2132 1138 2349 1181 Socratem
2378 1153 2423 1182 se

170 1203 402 1255 convertit3
431 1203 687 1243 Biichelerus
718 1205 897 1243 maxime
926 1209 1122 1242 mutatam
1150 1217 1238 1242 esse
1279 1217 1446 1243 scenam
1486 1205 1722 1255 contendit,
1760 1206 1819 1244 ita
1853 1212 1897 1244 ut
1924 1206 1965 1244 in
2004 1206 2142 1258 priore
2178 1206 2421 1245 recensione

172 1270 281 1309 inter
310 1282 347 1309 v.
378 1270 460 1309 456
506 1277 547 1308 et
593 1263 675 1310 4‘78
721 1271 917 1309 insertum
960 1269 1082 1308 fuerit
1124 1269 1235 1308 chori
1286 1271 1514 1318 canticum,
1557 1269 1669 1322 quod
1712 1284 1822 1310 nunc
1864 1285 1931 1311 vv.
1974 1270 2190 1310 805-813
2235 1269 2418 1322 legimus.

172 1333 259 1375 Sed
289 1348 425 1388 neque
456 1335 639 1374 ostendit
667 1334 746 1374 hoc
778 1348 942 1373 carmen
992 1333 1088 1374 huic
1131 1334 1223 1373 loco
1271 1340 1413 1386 aptum
1457 1350 1567 1386 esse,
1610 1349 1743 1388 neque
1785 1358 1836 1364 -
1880 1335 1922 1375 id
1959 1334 2072 1389 quod
2106 1334 2333 1375 Teuffelius
2369 1333 2423 1375 ad

171 1398 280 1440 hunc
310 1399 448 1440 locum
477 1399 708 1440 rectissime
738 1399 1019 1439 admonuit—
1040 1405 1182 1439 nostro
1205 1399 1302 1452 jure
1332 1400 1372 1438 in
1398 1414 1668 1453 personarum
1699 1402 1937 1452 mutatione,
1968 1415 2073 1455 quae
2095 1399 2238 1441 verbis
2257 1399 2423 1455 quidem

169 1478 255 1504 non
284 1465 466 1504 indicata
496 1471 582 1516 est,
614 1465 685 1504 sed
723 1471 865 1517 aperte
908 1471 948 1503 et
988 1464 1167 1504 dilucide
1203 1464 1475 1515 intellegitur,
1515 1465 1744 1505 haeremus.
1811 1467 1917 1505 Num
1954 1465 2052 1505 illud
2090 1465 2202 1518 quod
2239 1466 2424 1519 sequitur

170 1543 346 1571 examen
375 1531 416 1571 in
447 1532 587 1585 priore
619 1531 860 1570 recensione
890 1530 1011 1570 latius
1042 1535 1256 1569 extensum
1287 1531 1410 1570 fuerit
1442 1554 1493 1559 —
1535 1531 1646 1585 quod
1684 1531 1910 1571 Teuffelius
1942 1530 2196 1572 Biichelerus
2233 1530 2423 1572 Kockius

171 1609 227 1637 ex
254 1610 322 1637 vv.
352 1597 446 1638 487.
476 1597 571 1638 488.
600 1597 694 1637 490.
723 1596 820 1637 492.
849 1596 928 1636 497
958 1595 1214 1648 collegerunt
1243 1619 1295 1625 -
1328 1596 1558 1649 dijudicare
1588 1611 1670 1636 non
1699 1598 1849 1637 ausim:
1889 1597 1931 1636 id
1971 1598 2113 1650 negari
2153 1610 2235 1636 non
2271 1601 2423 1648 potest,
2474 1616 2475 1620 ¹

116 1700 119 1704 ,
169 1664 416 1703 sententiam
446 1662 508 1703 his
537 1677 606 1702 vv.
637 1663 743 1703 bene
775 1663 1003 1715 procedere
1034 1676 1170 1714 neque
1201 1662 1422 1715 quidquam
1452 1662 1693 1702 desiderari.
1752 1663 1888 1702 Unum
1917 1668 1991 1711 est,
2021 1662 2132 1716 quod
2152 1664 2249 1716 jure
2278 1667 2420 1702 nostro

172 1727 546 1782 reprehendamus:
578 1737 640 1769 est
668 1729 952 1768 annominatio
984 1727 1051 1767 illa
1080 1729 1400 1780 (παρονομασία)
1431 1729 1536 1767 inter
1567 1727 1695 1780 λέγειν
1724 1734 1763 1766 et
1792 1726 2031 1780 ἀποστερεῖν
2057 1742 2094 1767 v.
2116 1727 2195 1767 487
2226 1727 2422 1778 instituta,

169 1808 294 1849 quam
328 1793 474 1834 dubito
503 1808 599 1834 num
627 1794 681 1834 ab
707 1794 877 1834 eruditis
897 1794 1153 1834 Graecorum
1184 1792 1352 1832 auribus
1381 1793 1629 1832 intellectam
1661 1806 1750 1832 esse
1767 1792 1920 1832 Wolfio
1951 1792 2182 1832 concedere
2203 1792 2421 1844 possimus.

170 1859 310 1911 Quum
340 1866 558 1915 praeterea
586 1874 649 1900 vv.
680 1860 761 1901 486
792 1874 848 1914 sq.
878 1874 1029 1899 nexum
1059 1858 1351 1898 sententiarum
1381 1858 1486 1898 male
1516 1858 1703 1909 turbent,
1733 1872 1795 1898 vv.
1827 1858 1905 1899 485
1944 1871 2045 1898 vero
2087 1863 2127 1897 et
2154 1857 2234 1898 488
2265 1858 2420 1911 optime

169 1926 278 1968 inter
308 1941 352 1967 se
383 1926 647 1976 cohaereant,
680 1940 763 1966 non
795 1926 940 1965 dubito
972 1926 1069 1979 quin
1087 1924 1348 1964 Meineckius
1379 1937 1522 1964 verum
1552 1923 1713 1975 viderit,
1741 1924 1810 1978 qui
1837 1922 1912 1962 hos
1936 1937 2002 1963 vv.
2019 1937 2072 1963 ex
2100 1928 2219 1962 textu
2248 1923 2417 1977 expulit.

280 1992 375 2034 Jam
407 1991 461 2033 ad
493 1991 716 2047 parabasin
736 1992 990 2042 (510—626)
1009 1990 1300 2030 transeundum
1335 1990 1505 2044 ejusque
1536 1990 1722 2043 singulae
1750 1995 1888 2043 partes
1916 1989 2149 2029 accuratius
2176 1989 2420 2030 tractandae

163 2024 275 2167 iant.
346 2059 415 2099 Ex
455 2058 517 2098 his
557 2056 786 2111 κομμάτιον
823 2058 935 2111 quod
978 2057 1127 2096 dicitur
1164 2056 1418 2109 (510—517)
1456 2072 1507 2095 ex
1555 2058 1693 2108 priore
1733 2057 1973 2095 recensione
2010 2055 2254 2095 remansisse
2297 2070 2418 2096 nemo

200 2131 318 2179 egat:
349 2126 525 2165 sortasse
555 2124 639 2164 illic
669 2125 751 2164 alio
778 2124 873 2164 loco
905 2123 1133 2176 legebatur.
1191 2121 1309 2171 Quae
1341 2136 1440 2161 vero
1470 2124 1635 2175 proprie
1677 2130 1849 2161 vocatur
1886 2118 2116 2173 παράβασις
2152 2121 2418 2175 (518-562),

171 2205 263 2234 eam
293 2190 416 2232 alteri
446 2191 621 2231 editioni
651 2191 728 2230 soli
760 2196 899 2244 aptam
930 2203 1020 2229 esse
1052 2196 1176 2242 atque
1206 2202 1230 2227 a
1259 2190 1388 2241 po‘cta
1433 2188 1675 2227 destinatam
1713 2188 1807 2227 inde
1844 2202 1869 2226 a
1903 2186 2124 2226 scholiasta
2163 2201 2305 2227 omnes
2342 2187 2420 2227 viri

170 2257 287 2299 docti
316 2257 389 2312 qui
418 2257 469 2296 de
501 2256 782 2310 Aristophane
814 2265 987 2308 egerunt
1016 2257 1205 2294 unanime
1237 2261 1558 2304 concesserunt,
1589 2255 1643 2293 ita
1672 2260 1717 2293 ut
1754 2254 1804 2293 de
1842 2253 1918 2292 hac
1950 2267 1994 2291 re
2033 2252 2199 2292 omnino
2240 2252 2421 2293 dubitari

169 2337 255 2365 ιιοιι
280 2322 430 2377 possit.
488 2321 604 2362 Unus
635 2321 916 2373 Goettlingius
946 2320 990 2373 (l.
1021 2335 1056 2360 e.
1088 2335 1125 2372 p.
1149 2321 1326 2367 17—21)
1357 2334 1506 2359 novam
1538 2319 1742 2372 quandam
1773 2319 2008 2372 opinionem
2041 2318 2092 2356 de
2121 2317 2197 2357 hac
2225 2317 2419 2369 parabasi

169 2386 357 2443 protulit,
387 2386 440 2427 de
470 2400 552 2440 qua
581 2385 767 2439 pluribus
795 2385 1001 2438 agendum
1033 2399 1123 2425 esse
1153 2385 1328 2423 videtur.
1391 2384 1513 2423 Putat
1543 2386 1647 2423 enim
1678 2384 1753 2423 hos
1781 2396 1947 2433 versus,
1977 2383 2124 2436 quibus
2167 2384 2293 2435 poeta
2329 2384 2420 2437 ipse

170 2453 224 2493 ad
253 2457 515 2506 spectatores
541 2465 586 2490 se
617 2457 855 2500 convertat,
894 2465 977 2489 non
1005 2451 1195 2490 effecisse
1238 2465 1337 2490 vere
1379 2450 1620 2502 parabasin,
1659 2450 1730 2489 sed
1772 2449 1991 2502 prologum
2031 2448 2260 2502 quendam,
2298 2461 2419 2501 quem

169 2519 297 2572 poeta
338 2532 451 2558 novo
484 2519 615 2571 operi,
656 2517 768 2570 quod
806 2516 1033 2557 lectoribus
1071 2516 1170 2556 solis
1209 2517 1499 2566 destinaverit,
1548 2516 1816 2569 praemiserit.
1884 2515 2066 2554 Primum
2112 2512 2420 2568 hancjprologi

168 2584 377 2626 rationem
406 2599 489 2624 non
520 2583 652 2636 magis
692 2581 802 2636 apud
848 2581 1033 2623 Graecos
1074 2583 1264 2623 usitatam
1305 2581 1433 2622 fuisse
1471 2582 1711 2622 crediderim
1749 2595 1871 2635 quam
1909 2579 2069 2620 fabulas
2107 2579 2160 2620 ad
2198 2578 2419 2632 legendum

167 2648 318 2701 solum,
348 2662 432 2690 non
462 2648 516 2688 ad
543 2647 818 2702 spectandum
849 2647 1074 2687 destinatas
1104 2646 1195 2701 (cfr.
1228 2662 1322 2701 pag.
1353 2647 1415 2700 7):
1445 2662 1537 2687 nam
1568 2661 1672 2701 quae
1712 2646 1832 2686 affert
1867 2644 2058 2697 exempla
2084 2644 2222 2698 Equit.
2248 2645 2301 2685 36
2330 2657 2419 2698 sqq.

169 2721 211 2757 et
247 2715 376 2770 Vesp.
423 2715 478 2756 54
513 2729 603 2768 sqq.
642 2714 765 2768 plane
804 2713 992 2753 diversae
1030 2715 1200 2754 rationis
1245 2719 1341 2754 sunt
1380 2728 1430 2753 ac
1466 2715 1596 2767 magis
1634 2712 1910 2765 tragicorum,
1952 2710 2153 2764 imprimis
2191 2709 2417 2763 Euripidis,

171 2782 362 2838 prologis
391 2781 552 2824 similia.
610 2780 659 2822 In
700 2779 763 2821 his
793 2780 982 2821 versibus
1023 2780 1128 2820 enim
1171 2794 1274 2820 unus
1311 2794 1363 2820 ex
1403 2779 1614 2820 actoribus
1653 2792 1758 2832 quae
1795 2777 1846 2817 ad
1883 2775 2062 2817 fabulam
2100 2773 2417 2828 intellegendam

303 2946 330 2984 ¹)
354 2945 467 2977 Aliter
489 2945 579 2977 hanc
602 2943 775 2984 duplicem
800 2942 1033 2975 recensionem
1058 2941 1210 2976 Ritterus
1234 2942 1422 2983 explicavit
1445 2942 1488 2982 (p.
1514 2943 1575 2975 461
1601 2942 1699 2983 sqq.),
1725 2951 1827 2982 quum
1862 2940 2047 2980 Diogenem
2077 2938 2252 2972 Laenium
2285 2940 2415 2974 Aristo·

165 2997 298 3042 phanis
324 2998 433 3033 verba
455 2998 612 3032 consulto
635 2996 821 3031 mutavisse
845 2994 1086 3035 contenderet;
1112 2994 1172 3029 sed
1195 3005 1236 3029 ne
1258 2995 1348 3029 hanc
1372 2993 1506 3036 quidem
1530 2993 1763 3036 conjecturam
1787 2992 1920 3026 caussis
1943 2990 2029 3026 satis
2052 2990 2222 3034 probavit.
