2630 3328
1141 622 1311 708 scripsit

866 751 1258 794 Fridericus
1284 752 1573 795 witten-

6 1000 8 1002 ,
194 931 300 1003 ’ΒΘ
326 954 618 1009 Aristophanis
660 955 853 996 Nubibus
885 969 1008 1010 quum
1035 956 1122 1009 jam
1157 968 1182 994 a
1219 955 1425 1009 principio
1461 955 1529 995 alii
1573 956 1691 996 aliter
1722 957 2026 1010 judicaverint,
2064 962 2152 997 tum
2190 953 2407 1011 nonnis-fi

79 1021 376 1077 temporibus,
407 1034 462 1062 ex
489 1034 571 1075 quo
601 1021 644 1061 in
671 1020 838 1062 fabulae
878 1021 1221 1074 compositionem
1261 1019 1528 1074 singulasque
1564 1021 1651 1074 ejus
1687 1028 1825 1074 partes
1862 1022 2071 1076 inquirere
2107 1029 2343 1077 coeperunt

78 1087 176 1130 wiri
204 1086 340 1140 docti,
365 1087 547 1128 maxima
582 1091 732 1127 exorta
772 1085 836 1127 est
873 1085 1151 1139 discrepantia
1185 1087 1495 1127 sententiarum.
1565 1084 1766 1135 Quamvis
1800 1087 1907 1127 enim
1943 1088 2073 1140 po'e'ta
2104 1087 2200 1142 ipse
2232 1087 2347 1133 dion}

59 1188 62 1191 .
84 1142 206 1194 'hanc
236 1151 420 1193 fabulam
451 1152 633 1192 omnium
669 1164 834 1191 suarum
866 1152 1038 1205 primam
1070 1157 1110 1191 et
1138 1151 1417 1192 doctissimam
1449 1157 1489 1191 et
1514 1151 1684 1191 maximi
1720 1151 1875 1192 laboris
1916 1151 2046 1193 fuisse
2071 1151 2131 1206 (v.
2155 1152 2355 1210 522141212

93 1228 220 1259 nemo
250 1221 313 1257 est
341 1216 412 1269 qui
440 1215 598 1255 nesciat
626 1229 715 1255 eam
755 1229 780 1255 a
808 1215 1114 1270 spectatoribus
1153 1216 1370 1270 explosam
1410 1222 1451 1255 et
1490 1216 1655 1256 nonnisi
1690 1216 1814 1256 tertio
1858 1217 2045 1271 praemio
2081 1230 2108 1258 a
2133 1216 2354 1276 judioibq

43 1280 290 1327 affectam
327 1295 430 1321 esse.
482 1280 618 1329 Quum
657 1280 808 1320 deinde
835 1283 942 1321 inter
977 1287 1139 1322 veteres
1173 1284 1398 1336 scriptores
1435 1282 1619 1321 nonnulli
1650 1282 1756 1321 hanc
1792 1282 1975 1322 fabulam
2015 1282 2141 1323 laude
2178 1283 2349 1339 digus:

90 1340 346 1402 putaverint,
373 1345 572 1387 Aelianus
602 1352 644 1386 et
673 1345 743 1386 alii
772 1347 994 1387 commenti
1021 1353 1116 1388 sunt
1144 1350 1310 1401 poetam
1340 1348 1394 1388 ab
1426 1348 1569 1400 Anyto
1600 1354 1648 1388 et
1676 1347 1847 1399 Melete,
1875 1347 2064 1389 Socratis
2089 1349 2348 1392 momori-

36 1411 57 1453 ’,ῖ
74 1411 185 1465 bns,
210 1412 346 1466 pretio
376 1411 646 1452 subornatum
674 1423 780 1463 esse,
809 1416 855 1451 ut
886 1410 1106 1452 Socratam
1133 1412 1175 1452 in
1204 1411 1425 1452 comoedia
1460 1411 1761 1465 perstringeret
1793 1410 1904 1461 (Ael.
1944 1425 2034 1453 var.
2062 1411 2155 1454 hist.
2186 1410 2233 1454 11
2259 1410 2348 1469 13).

87 1477 207 1522 Inter
232 1478 477 1519 recentioris
505 1477 598 1517 aevi
623 1477 790 1527 judices
819 1476 1052 1518 Voltarium
1083 1483 1124 1517 et
1151 1477 1434 1518 Wielandium
1464 1478 1616 1517 scimus
1645 1476 1756 1516 haud
1784 1476 1894 1517 bene
1933 1477 1987 1518 de
2022 1476 2102 1518 hac
2135 1476 2279 1521 fabula
2300 1476 2352 1534 φ’

82 1542 147 1587 de
161 1541 351 1584 *Socrate
380 1543 500 1582 irriso
521 1542 749 1595 judicasse,
778 1555 902 1596 quum
930 1542 1001 1582 alii
1033 1543 1112 1582 viri
1141 1543 1257 1583 docti
1284 1557 1375 1582 eam
1407 1547 1504 1595 apte
1535 1548 1577 1582 et
1618 1542 1786 1594 egregie
1815 1543 2092 1594 compositam
2128 1555 2228 1584 use-
2248 1539 2351 1601 οοῷ

60 1604 276 1651 “tendant
337 1607 422 1650 Sed
448 1608 501 1649 ab
530 1607 648 1648 initio
677 1607 763 1649 fere
792 1607 912 1662 hujus
940 1607 1098 1649 saeculi
1126 1609 1256 1662 magis
1289 1608 1330 1649 in
1360 1606 1527 1648 fabulae
1557 1606 1906 1661 compositionem
1943 1607 2247 1662 inquisiverunt
2335 1601 2347 1606 ’

0 1708 17 1730 ,ἑ
17 1673 208 1716 »docti
234 1680 361 1729 atque
390 1674 442 1714 de
474 1687 524 1713 ea
552 1687 660 1727 quae
689 1673 819 1714 fertur
847 1673 1004 1726 duplici
1033 1673 1198 1714 fabulae
1229 1673 1411 1714 editione
1430 1673 1634 1727 judicium
1666 1672 1866 1713 tulerunt:
1909 1673 1950 1712 in
1978 1686 2062 1727 qno
2091 1672 2161 1717 alii
2188 1673 2273 1716 alia
2294 1675 2356 1720 ποί

92 1740 442 1792 excogitaverunt
469 1744 508 1778 et
537 1738 937 1779 demonstraverunt.
982 1737 1120 1788 Quum
1151 1739 1258 1778 enim
1289 1739 1331 1778 in
1352 1738 1549 1791 pax-abasi
1569 1736 1830 1791 (518—562)
1854 1740 1981 1791 poeta
2007 1738 2099 1791 ipse
2129 1738 2182 1778 de
2209 1750 2380 1793 pm?

75 1802 259 1849 fabulae
297 1803 480 1844 editione
518 1803 734 1858 loquatur3
765 1817 889 1856 quum
922 1809 1140 1856 praeterea
1168 1804 1209 1843 in
1239 1809 1485 1856 argumento
1524 1802 1691 1842 fabulae
1732 1808 1854 1843 sexto
1893 1809 2019 1856 atque
2061 1804 2102 1845 in
2138 1817 2213 1845 no
2269 1846 2275 1856 ‚

46 1864 261 1912 scholiis
277 1867 333 1923 (v.
349 1868 443 1909 518.
473 1868 568 1909 542.
593 1868 686 1909 543
707 1868 802 1908 549.
820 1868 914 1908 553
930 1867 1025 1908 580.
1044 1867 1145 1921 592)
1170 1874 1346 1908 mutatas
1377 1881 1467 1907 esse
1496 1866 1696 1921 quasdam
1734 1866 1900 1907 fabulae
1926 1872 2080 1921 partes,
2108 1866 2204 1909 db
2232 1896 2241 1900 --

44 1924 414 1979 Eratosthenem
452 1933 555 1973 duas
589 1932 755 1973 fabulae
803 1933 1007 1973 editiones
1056 1933 1218 1973 disertis
1263 1933 1403 1973 verbis
1454 1932 1663 1984 tradatur3
1706 1946 1831 1985 quum
1870 1931 2050 1987 denique
2105 1930 2234 1983 Ath

60 1990 248 2040 ³1⁵0qu
276 1998 345 2040 alii
372 1997 483 2039 haud
516 1999 660 2052 paucis
700 1997 804 2038 locis
841 2000 1023 2052 priorum
1060 1998 1240 2039 Nubium
1269 1996 1503 2051 fragmenta
1537 1997 1713 2037 afferant
1742 1995 1835 2051 (cfr.
1865 1995 2055 2038 Ath.1v
2079 1998 2255 2056 2171

0 2059 187 2105 ''1³·fieri
210 2078 297 2104 non
325 2064 474 2118 potuit,
503 2064 599 2117 quin
630 2064 707 2103 viri
738 2064 864 2115 docti,
893 2078 999 2118 quae
1028 2065 1133 2103 ratio
1163 2065 1270 2103 inter
1308 2065 1492 2118 priorem
1533 2068 1575 2102 et
1602 2062 1773 2103 alteram
1799 2062 2024 2104 editionem
2051 2063 2202 2107 inter
2245 2074 2250 2076 ’
2310 2108 2313 2110 ,

50 2135 288 2172 accurate
316 2129 647 2183 perquisiverint.
708 2129 846 2182 Atque
874 2130 1030 2182 primus
1071 2129 1182 2183 quod
1215 2130 1340 2168 sciam
1371 2129 1585 2169 Esserus
1574 2144 1615 2178 m
1645 2127 1788 2168 libello
1827 2129 1900 2182 qui
1935 2129 2161 2183 inscriptus
2197 2137 2274 2172 est
2327 2126 2343 2180 ²,

0 2193 19 2220 ³*
37 2203 63 2218 “·
92 2194 229 2249 plima
258 2200 300 2235 et
327 2194 458 2235 altera
485 2207 593 2248 quae
620 2194 754 2234 fertur
783 2194 1072 2248 Aristophanis
1100 2194 1278 2235 Nubium
1316 2194 1499 2234 editione
1539 2193 1735 2247 (Bonnae
1779 2192 1905 2248 1823)
1939 2208 2066 2237 unam
2093 2195 2262 2239 eundo
2295 2212 2301 2231 ¹
2325 2210 2344 2229 ’-

0 2307 20 2317 ,7
92 2258 223 2303 fuisse
263 2266 480 2314 utramque
521 2259 745 2300 editionem
780 2274 916 2314 neque
952 2260 1173 2314 quidquam
1213 2259 1290 2299 nisi
1329 2259 1564 2312 parabasim
1603 2265 1804 2299 mutatum
1843 2272 1935 2300 esse
1964 2260 2203 2304 contendit:
2238 2261 2269 2317 q
2316 2268 2318 2270 ’

57 2325 239 2380 opinio
269 2339 395 2379 quum
425 2324 629 2365 Siivernio
660 2323 747 2378 (ab
779 2326 907 2367 Arist.
939 2325 1145 2376 Wolken,
1185 2325 1226 2366 S.
1257 2325 1311 2365 84
1348 2324 1394 2378 s.)
1435 2332 1476 2364 et
1510 2324 1697 2378 Reisigio
1737 2324 1809 2378 (in
1835 2339 1979 2365 museo
2017 2326 2202 2368 rhenano
2244 2326 2265 2370 1
2284 2370 2341 2392 st,

50 2398 139 2444 p.
169 2389 261 2432 199
289 2387 393 2443 201)
422 2388 685 2443 probaretur,
714 2404 740 2430 a
767 2389 815 2431 O.
845 2389 894 2430 F.
924 2389 1162 2430 Hermanno
1194 2388 1296 2442 (ind.
1325 2389 1420 2431 lect
1448 2389 1667 2443 Marburg
1701 2388 1825 2443 1837)
1867 2389 1914 2431 C.
1946 2390 2097 2432 Beerio
2126 2391 2297 2441 (dher
2425 2432 2447 2447 ς,

19 2507 27 2514 ι
19 2447 202 2511 [ΖαΙιῙ
232 2454 272 2495 d.
304 2454 596 2510 Schauspieler
623 2456 692 2496 bei
719 2454 1034 2508 Aristophanes,
1063 2454 1107 2495 S.
1139 2455 1208 2495 131
1244 2453 1294 2508 ff)
1335 2454 1568 2495 Fritzschio
1604 2457 1780 2508 (quaest
1819 2455 2032 2509 Aristoph.
2071 2470 2112 2510 p.
2153 2457 2229 2498 111
2460 2446 2470 2455 ”

0 2515 152 2581 -ἒζὶ.,;”·-“.Θ.
179 2518 421 2562 Hermanno
457 2521 514 2570 (in
561 2520 819 2575 praefatione
870 2520 1063 2561 editionis
1107 2520 1162 2560 11.
1202 2520 1316 2574 Lips
1368 2521 1473 2561 1830
1520 2534 1561 2575 p
1593 2520 1937 2575 XXII—XXX)
1972 2521 2147 2564 diversis
2345 2527 2347 2530 ’

72 2581 233 2642 allatis
263 2585 531 2639 sagacissime
560 2585 739 2626 refutata
767 2592 841 2627 est.
901 2585 949 2627 F.
975 2584 1029 2661 V.
1061 2582 1315 2626 Fritzschius
1344 2600 1447 2626 vero
1478 2600 1604 2640 quum
1635 2600 1684 2626 eo
1721 2585 1819 2626 loco
1859 2600 1981 2640 quem
2015 2573 2265 2654 ιηιιίἰιιιιιιὲ
