2630 3328
351 515 416 529 Η
501 445 504 448 ,
535 396 895 520 willerm-
900 391 1282 525 ⁹:5¹5(oeth
1238 449 1607 520 tom,amd
1587 464 1936 535 w*
1892 444 2050 496 „mesi
2179 519 2181 521 ι
2212 475 2227 501 3

419 526 571 587 {quum
590 527 668 573 iu·
693 528 911 584 scriberet,
938 530 1124 586 priorum
1152 527 1357 578 Nubium
1366 527 1579 590 exemplar
1598 539 1831 588 vermes
1846 530 2066 592 alterum
2080 555 2084 576 ι
2179 510 2301 555 323⁸
2322 544 2326 549 ⁴

373 592 588 652 quomodo
604 595 686 636 hoc
704 597 756 636 in
785 595 1043 649 simplicibus
1069 602 1111 638 et
1138 597 1259 651 nudis
1275 599 1416 640 verbis
1442 598 1490 642 ἐν
1513 598 1726 653 προτέραις
1754 582 1977 655 Νεφέλαις
1983 584 2126 642 inesse
2143 597 2351 658 potant,

192 649 307 727 ffffl'
331 659 413 702 hoc
439 660 566 702 faciat
593 662 647 701 ad
675 675 762 702 rem
790 663 1024 701 accuratius
1055 662 1358 715 explicandam,
1387 665 1595 719 intellego

2065 448 2167 465 ,ἡν-44..
2220 462 2222 464 .

281 727 426 768 Dum
452 726 717 780 Strepsiades
746 727 863 767 finito
896 741 987 767 cum
1015 728 1292 769 creditoribus
1325 729 1534 785 colloquio
1575 731 1627 770 ad
1669 730 1888 784 prandium
1927 729 2094 771 domum
2131 698 2261 782 redit,
2299 706 2454 781 oberge

0 816 31 833 ἕ»
170 826 173 829 Α
200 796 368 847 carmen
398 793 508 834 canit
538 791 863 847 (1303-1320)‚
891 793 1003 847 quod
1032 809 1116 835 non
1146 795 1267 848 plane
1296 795 1525 848 perfectum
1565 811 1654 836 esse
1684 795 1913 836 Teuffelius
1949 810 2005 837 ex
2037 794 2246 837 nonnullis
2286 794 2449 842 indicii·
2492 823 2497 826 -

194 855 390 917 collegit.
421 858 736 899 concedendum
766 865 878 898 certe
896 865 958 898 est
984 860 1025 899 in
1053 874 1120 902 w.
1144 862 1246 902 1308
1263 876 1351 916 sqq.
1382 862 1522 903 verbis
1552 863 1741 903 usitatam
1770 863 1921 916 poetae
1951 875 2091 903 curam
2116 875 2239 916 quam
2268 860 2448 911 maxime

172 924 440 966 ¹desiderari
497 923 699 963 Kt'ichlius
729 924 899 963 alteram
930 931 1090 977 partem
1119 940 1222 979 quae
1252 927 1302 966 de
1343 927 1427 967 filio
1468 935 1566 982 agat
1604 925 1915 981 (1311—1320)
1950 932 2098 981 postea
2133 925 2317 967 additam
2357 939 2455 973 esse.

78 1013 88 1021 ν
198 993 362 1031 censet:
394 989 469 1029 sed
497 989 600 1028 haec
629 990 771 1041 opinio
803 1003 894 1028 cum
924 989 993 1029 illa
1022 992 1261 1042 conjectura
1290 993 1407 1045 cujus
1436 994 1561 1032 modo
1601 992 1712 1045 (pag.
1759 993 1826 1042 15)
1863 993 2112 1031 mentionem
2152 991 2324 1031 fecimus
2362 996 2446 1031 tam

72 1055 76 1059 ’
103 1067 107 1070 ’
141 1078 157 1085 --
175 1048 178 1051 ’
197 1053 313 1097 arcte
343 1056 552 1106 cohaeret,
582 1060 626 1094 ut
656 1069 745 1094 eam
776 1056 1123 1108 magnipendere
1152 1072 1234 1096 non
1265 1060 1485 1110 possimus.
1531 1058 1611 1107 Qui
1641 1059 1770 1098 verba
1802 1061 1891 1110 ipsa
1917 1057 2158 1110 inspexerit,
2181 1070 2335 1108 negare
2361 1070 2445 1097 non

194 1123 353 1178 poterit
380 1121 460 1163 hoc
486 1121 602 1162 chori
629 1121 835 1161 canticum
864 1122 904 1161 in
935 1122 1076 1175 priore
1107 1122 1288 1163 editione
1309 1124 1397 1177 jam
1426 1126 1560 1165 inesse
1591 1125 1787 1178 potuisse.

306 1189 485 1230 Exodus
515 1187 574 1242 (v.
605 1187 899 1236 1321—1520)
930 1189 969 1227 in
1002 1188 1101 1228 duas
1125 1196 1265 1242 partes
1294 1190 1505 1243 dividitur,
1534 1205 1704 1245 quarum
1732 1191 1846 1244 prior
1873 1188 2156 1243 Strepsiadem
2196 1194 2237 1228 et
2276 1185 2444 1241 Phidip-

159 1261 161 1263 ’
194 1255 338 1312 pidem
365 1256 565 1299 acerrime
596 1255 845 1295 altercantes
884 1254 1040 1293 inducit
1075 1254 1130 1307 (v.
1177 1255 1489 1309 1321—1452),
1534 1258 1573 1295 in
1611 1256 1740 1295 altera
1774 1255 2035 1308 Strepsiades
2076 1252 2292 1293 consilium
2327 1265 2445 1292 suum

180 1322 361 1365 ,aedium
391 1321 578 1362 Socratis
609 1320 985 1360 comburendarum
1016 1326 1057 1358 et
1087 1322 1260 1372 exponit
1289 1326 1329 1360 et
1359 1323 1599 1375 exsequitur
1636 1320 1691 1373 (V.
1726 1319 2028 1372 1453-1520).
2085 1318 2207 1358 Prior
2241 1316 2312 1356 illa
2347 1330 2444 1370 pars
2498 1345 2518 1360 ..,

195 1381 251 1441 ab
280 1387 463 1428 editione
503 1386 686 1427 Nubium
726 1386 864 1439 priore
903 1399 985 1425 non
1022 1399 1194 1437 prorsus
1234 1387 1399 1437 aberat,
1440 1388 1512 1427 sed
1554 1386 1834 1438 compluribus
1873 1385 1976 1424 locis
2015 1385 2056 1423 in
2098 1384 2228 1424 altera
2264 1382 2444 1422 editione

196 1458 387 1496 correcta
427 1456 467 1491 et
493 1457 617 1491 aucta
647 1465 736 1491 esse
771 1450 948 1490 videtur.
1006 1449 1185 1488 Primum
1226 1450 1294 1489 illa
1332 1452 1534 1491 acerrima
1572 1453 1762 1491 convicia
1797 1465 1834 1490 V.
1872 1449 2142 1490 1325—1330
2181 1453 2264 1487 tam
2296 1446 2445 1487 similia

195 1518 338 1559 eorum
365 1522 482 1568 sunt,
527 1516 677 1569 quibus
707 1517 844 1568 justus
883 1522 922 1552 et
960 1515 1136 1566 injustus
1172 1522 1311 1554 orator
1350 1531 1394 1554 se
1442 1517 1616 1555 invicem
1659 1521 1961 1569 persequuntur
2000 1512 2268 1566 (909—912),
2308 1517 2353 1552 ut
2389 1525 2443 1551 ex

135 1622 139 1627 ,
191 1583 423 1630 imitatione
454 1594 597 1620 eorum
630 1587 720 1619 orta
748 1594 838 1618 esse
854 1580 1093 1627 videantur3
1123 1593 1197 1618 nec
1228 1581 1359 1618 minus
1383 1595 1420 1620 v.
1445 1582 1545 1619 1336
1564 1595 1623 1634 sq.
1649 1588 1792 1634 aperte
1822 1581 1875 1619 ad
1899 1580 2003 1632 justi
2032 1586 2072 1618 et
2098 1579 2238 1632 injusti
2261 1576 2438 1616 oratoris

178 1647 504 1704 ,contentionem
535 1646 778 1685 referuntur.
837 1644 932 1684 Hoc
960 1651 1073 1683 recte
1116 1644 1221 1683 vidit
1258 1645 1480 1696 Kochlius3
1522 1647 1650 1685 minus
1689 1654 1801 1687 recte
1840 1660 1941 1685 vero
1978 1658 2214 1697 repugnare
2247 1644 2355 1682 inter
2394 1654 2439 1680 se

153 1711 155 1713 ’
191 1727 260 1757 vv.
290 1711 577 1763 1437—1452,
605 1712 646 1751 in
675 1710 825 1764 quibus
856 1710 907 1750 de
937 1716 1067 1750 matre
1096 1710 1358 1751 verberanda
1386 1712 1547 1764 agitur,
1576 1717 1616 1751 et
1655 1726 1721 1752 vv.
1765 1712 1868 1753 1380
1905 1725 1993 1765 sqq.
2004 1743 2014 1762 ‚
2052 1724 2105 1750 ex
2144 1708 2294 1762 quibus
2329 1705 2441 1746 colli-

90 1804 94 1807 -
158 1811 162 1814 .
183 1780 373 1840 gendum
402 1792 493 1819 esse
522 1783 642 1832 putat
670 1776 933 1830 Phidippidis
963 1782 1133 1816 matrem
1156 1776 1403 1830 jamdudum
1442 1783 1643 1816 mortuam
1684 1792 1794 1828 esse,
1833 1777 2085 1817 contendere
2120 1774 2306 1826 videtum
2345 1785 2439 1812 nam
2506 1796 2509 1797 ν

56 1872 100 1902 v'·
124 1877 132 1890 ,-
189 1844 295 1888 haec
322 1844 455 1885 verba
477 1845 566 1898 joci
596 1856 744 1883 caussa
775 1842 899 1881 allata
928 1856 1010 1882 non
1041 1842 1226 1894 urgenda
1256 1848 1363 1884 sunt.
1420 1841 1540 1882 Hanc
1575 1857 1740 1883 scenam
1777 1857 1877 1882 vero
1908 1843 2130 1881 maximam
2159 1846 2318 1894 partem
2349 1837 2438 1891 jam

186 1912 231 1953 in
259 1912 402 1974 priore
429 1909 613 1949 Nubium
641 1908 823 1947 editione
853 1908 1022 1946 infuisse
1054 1908 1304 1947 documento
1346 1914 1407 1947 est
1446 1909 1711 1959 proverbium
1748 1909 1845 1947 illud
1897 1909 1959 1955 δίς
1994 1908 2135 1953 παῖδες
2172 1906 2212 1945 οἱ
2247 1902 2431 1956 γέροντες

0 1964 127 2033 ῗῙᾷΞ-Ᾰῖζ
169 1977 415 2032 ’(17.1417),
444 1973 597 2029 quod
587 1989 628 2014 in
657 1972 818 2014 scholio
849 1972 1038 2013 Parisino
1067 1972 1158 2026 (cfr.
1190 1974 1300 2013 Bast.
1333 1973 1399 2016 ad.
1428 1973 1692 2028 Pseudoplat.
1736 1975 1971 2015 Axiochum
2000 1971 2036 2011 V
2066 1972 2091 2012 3
2120 1985 2157 2024 p.
2189 1970 2269 2011 510
2299 1967 2353 2021 Β)
2383 1981 2437 2008 ex

44 2085 47 2089 ,
121 2047 128 2054 “
185 2043 398 2101 prioribus
424 2040 617 2086 Nubibus
645 2037 958 2093 (Ἀριστοφάνης
985 2038 1191 2092 Νεφέλαις
1219 2038 1261 2089 οἱ)
1289 2040 1474 2091 affertur,
1504 2046 1548 2080 ut
1572 2041 1798 2080 rectissime
1829 2038 2083 2079 Fritzscbius
2113 2036 2213 2089 (vol
2244 2033 2304 2075 IV
2332 2047 2373 2086 p.
2393 2030 2436 2086 7)

6 2134 63 2152 «
164 2109 357 2158 fmonuit.
412 2107 558 2148 Altera
587 2120 688 2146 vero
728 2106 853 2144 exodi
886 2119 982 2157 pars
1011 2111 1117 2145 teste
1145 2112 1390 2158 argumento
1432 2106 1501 2144 illo
1542 2112 1662 2145 sexto
1701 2112 1858 2145 mutata
1896 2110 1957 2143 est
1997 2105 2038 2142 in
2077 2102 2206 2143 altera
2241 2100 2437 2150 editione,

2 2162 135 2213 ⁶'s''
169 2185 349 2233 qnare
355 2187 443 2214 non
478 2179 542 2215 est
577 2185 652 2211 cur
690 2177 835 2211 contra
876 2172 1057 2210 omnium
1096 2171 1181 2210 fere
1221 2172 1425 2210 editorum
1467 2185 1708 2210 consensum
1743 2185 1835 2210 cum
1874 2169 2052 2208 K60h1i0
2082 2169 2170 2221 jam
2222 2168 2264 2205 in
2298 2164 2438 2217 priore

76 2231 90 2241 ἢ
119 2239 431 2299 ⁴'incensione
462 2237 650 2280 Socratis
681 2237 847 2276 domum
886 2236 1157 2287 combustam,
1196 2237 1268 2276 sed
1308 2237 1348 2275 in
1388 2236 1517 2276 altera
1546 2237 1649 2276 hanc
1688 2250 1853 2276 scenam
1890 2233 2114 2288 paullulum
2152 2230 2436 2272 circumcisam
2498 2273 2506 2288 Ι

97 2355 100 2357 Α
135 2314 138 2318 ’
183 2296 310 2361 atque
339 2300 599 2345 decurtatam
626 2315 716 2341 esse
746 2315 1000 2341 censeamus.
1058 2301 1202 2355 Neque
1232 2317 1280 2341 ea
1310 2315 1417 2355 quae
1448 2302 1488 2340 in
1519 2301 1710 2353 parabasi
1738 2301 1932 2341 dicuntur
1962 2314 1999 2340 v
2034 2298 2113 2339 541
2155 2309 2289 2350 neque
2318 2293 2437 2334 scho-

177 2371 282 2419 lim
310 2384 351 2412 v
381 2368 479 2420 542,
509 2368 575 2408 cui
603 2367 779 2407 adversa
816 2367 952 2407 fronte
992 2366 1119 2407 schol.
1157 2382 1196 2408 v
1233 2367 1313 2407 543
1354 2374 1577 2419 repugnat,
1619 2367 1809 2418 obstare,
1849 2365 2067 2419 quominus
2105 2362 2211 2402 hanc
2249 2359 2435 2413 nltimam

167 2438 351 2492 'scenam
375 2434 498 2476 alteri
525 2433 708 2474 Nubium
738 2433 907 2473 editioni
936 2433 1214 2483 tribuamus,
1195 2448 1284 2485 Jam
1315 2446 1441 2485 supra
1473 2432 1723 2473 ostendimus
1754 2432 1844 2482 (cfr.
1873 2445 1967 2485 pag
1999 2427 2055 2482 7).

78 2558 93 2616 ⁴,
124 2578 129 2586 ‘
179 2567 344 2611 ἑὲωιιτ.
370 2565 549 2605 vidimus
578 2565 619 2605 in
637 2564 818 2618 prologo
838 2565 1017 2618 priorem
1045 2565 1328 2602 recensionem
1359 2568 1560 2603 retentam
1590 2578 1692 2616 esse,
1721 2564 1800 2604 nisi
1817 2562 1929 2617 quod
1953 2574 2020 2600 vv
2040 2558 2254 2599 108—118
2284 2560 2434 2610 postea

92 2622 103 2674 J
180 2619 316 2678 additi
341 2637 458 2682 sunt3
487 2631 637 2685 paredi
665 2630 839 2683 primam
874 2630 1048 2668 formam
1088 2630 1209 2668 nobis
1246 2630 1439 2668 traditam
1473 2644 1585 2681 esse3
1622 2632 1663 2669 in
1705 2631 1836 2683 primo
1878 2627 2067 2680 episodio
2106 2639 2176 2663 vv.
2212 2618 2432 2662 412-422

134 2704 334 2779 ’'naxum'
362 2695 658 2737 sententiarum
686 2696 836 2735 misere
861 2694 1021 2735 turbari
1051 2701 1173 2748 atque
1199 2696 1464 2749 interrumpi,
1508 2696 1564 2735 ita
1592 2701 1637 2736 ut
1672 2695 1712 2735 hi
1748 2708 1914 2748 quoque
1959 2690 2135 2745 duplicis
2177 2684 2431 2729 recensionis

134 2762 360 2824 vestigia
387 2761 642 2815 praebeant3
672 2774 726 2800 ex
755 2759 950 2814 parabasi
978 2774 1068 2800 eam
1095 2766 1253 2814 partem
1279 2774 1387 2815 quae
1411 2761 1580 2813 proprie
1609 2761 1689 2800 hoc
1716 2760 1883 2800 nomine
1913 2762 2089 2797 vocatur
2105 2749 2360 2808 (518—562)
2390 2754 2438 2795 θὲ

123 2870 128 2875 ,
150 2834 275 2881 'eam
300 2835 407 2884 quae
434 2823 713 2879 ἄπεπίρρημα
737 2825 887 2866 dicitur
916 2824 974 2879 (v
995 2826 1126 2867 607—
1134 2826 1232 2879 626)
1261 2828 1302 2867 in
1329 2825 1460 2866 altera
1482 2826 1663 2866 editione
1687 2826 1850 2866 additas
1879 2838 1991 2874 esse3
2020 2823 2062 2862 in
2084 2821 2214 2861 altero
2238 2814 2428 2872 episodio

123 2502 128 2511 ‘
184 2503 186 2506 ’
234 2542 236 2545 ,
292 2500 351 2542 Ut
382 2500 528 2554 paucis
558 2512 608 2538 ea
637 2512 743 2552 quae
775 2498 825 2537 de
854 2499 1025 2551 singulis
1055 2498 1219 2538 fabulae
1256 2497 1445 2551 partibus
1480 2501 1748 2551 exposuimus
1783 2503 2018 2551 repetamus
2061 2500 2185 2547 atque
2229 2488 2434 2543 complec-
2458 2547 2460 2549 ¹
2546 2474 2555 2485 ⁵

68 2871 398 2948 ‘⁴⁴³4wamque
428 2892 654 2933 editionem
682 2893 741 2932 ita
770 2892 1034 2931 coniunctam
1065 2905 1167 2941 esse,
1198 2898 1241 2931 ut
1271 2893 1401 2946 priori
1429 2892 1515 2930 fere
1548 2906 1615 2932 vv.
1645 2890 1878 2941 636-693,
1918 2854 2159 2939 ‘lod—706,
2198 2883 2428 2938 731--739
2478 2900 2481 2903 ’
2518 2855 2598 2945 .ζ

140 2946 422 3018 {804—-813,
464 2958 584 2998 alteri
626 2972 694 2998 vv
727 2957 970 3008 627—635,
1012 2958 1146 2998 694—
1150 2958 1250 3009 699,
1293 2956 1531 3008 ‘lm-730,
1572 2955 1791 3002 740—802
1831 2953 2043 2994 tribuendi
2080 2954 2183 3005 sint3
2225 2952 2267 2992 in
2303 2952 2426 2994 tertio
