2630 3328
64 643 124 653 ,,
283 660 286 665 ¹
432 599 625 666 ¹fiatque
633 565 881 653 obliviosum
923 626 1017 653 esse
1053 626 1195 654 senem
1231 621 1485 670 conquestus
1521 608 1608 669 est,
1614 595 1853 673 *quel

123 662 226 735 {fi-
245 669 456 733 effutivit,
481 673 587 717 inire
615 676 742 717 modo
772 677 910 718 subito
942 675 1064 719 dicit:

34 734 45 746 ⁴
696 740 769 796 ἄγε
798 741 863 796 δή,
892 748 931 784 τί
960 743 1101 797 βούλει
1130 748 1313 798 πρῶτα
1341 744 1591 797 μανθάνειν;
1623 751 1677 797 (v
1705 748 1803 798 636)

138 794 236 858 in
250 829 334 872 quo
364 818 435 871 qui
463 831 546 857 non
574 817 739 869 haeret,
778 820 934 871 apertis
964 820 1095 860 oculis
1136 821 1266 860 lucem
1306 834 1390 861 uon
1432 823 1574 862 videre
1619 824 1828 876 putandus
1869 830 1941 864 est.

75 954 77 957 “
130 962 133 965 ·
181 947 339 1012 subito,
366 961 490 1002 quum
520 948 589 988 ille
616 956 813 1003 queratur
841 951 922 989 sibi
952 950 1150 991 discenda
1180 966 1269 991 esse
1297 966 1403 1005 quae
1434 967 1575 993 omnes
1607 955 1751 1004 sciant,
1782 956 2029 1007 respondet:

695 1013 819 1057 οὐδὲν
847 1014 903 1068 μὰ
935 1018 994 1057 Δῖ
1032 1015 1133 1057 ἀλλὰ
1163 1018 1414 1066 κατακλινεὶς
1444 1020 1565 1071 δεῦρο
1596 1026 1688 1059 cett.
1722 1020 1778 1074 (v.
1810 1019 1908 1073 694)

693 1080 970 1132 ἐκφρόντισόν
997 1096 1034 1122 τι
1059 1084 1145 1122 τῶν
1175 1086 1348 1124 σεαυτοῦ
1377 1083 1637 1136 πραγμάτων,

142 1183 144 1186 ,
177 1145 222 1190 iu
249 1159 334 1201 quo
365 1159 447 1185 non
478 1146 611 1185 minus
640 1145 894 1187 haerendum
922 1162 1010 1187 esse
1042 1150 1285 1201 putaverim.
1346 1150 1394 1189 In
1422 1152 1482 1189 his
1525 1151 1736 1201 versibus,
1768 1152 1801 1190 si
1838 1151 1936 1205 quid
1965 1151 2112 1201 viden,
2150 1150 2255 1190 duae
2292 1161 2432 1190 recen·

179 1212 320 1252 aiones
351 1212 599 1266 conjunctae
638 1218 756 1263 sunt,
797 1214 911 1267 prior
951 1227 1019 1253 vv.
1057 1214 1295 1264 636—693,
1334 1215 1373 1254 in
1415 1216 1564 1269 quibus
1602 1215 1853 1270 Strepsiadis
1892 1216 2092 1262 institutio
2132 1215 2273 1269 paullo
2310 1215 2431 1255 latius

179 1282 354 1318 extensa
382 1283 482 1327 erat,
514 1276 644 1316 altera
673 1292 740 1317 vv.
773 1278 990 1318 627—635
1017 1286 1057 1317 et
1088 1280 1364 1330 694—730‚·)
1403 1296 1507 1334 quae
1537 1282 1646 1320 aliud
1677 1281 1891 1320 consilium
1922 1282 2193 1335 sequebatur,
2232 1280 2273 1319 id
2312 1281 2432 1332 enim,

178 1347 225 1383 ut
241 1341 506 1396 Sti-*epsiades
537 1343 753 1382 cimicibus
777 1344 923 1382 misere
943 1345 1149 1383 cruciatus
1177 1345 1456 1387 induceretur.
1503 1346 1620 1395 Quae
1650 1348 1853 1386 sententia
1875 1347 2006 1398 magis
2033 1346 2154 1386 etiam
2173 1345 2432 1399 probabitur,

182 1406 257 1448 ubi
281 1408 324 1448 in
354 1420 496 1447 eorum
526 1420 633 1461 quae
660 1415 886 1461 sequuntur
914 1422 1067 1448 nexum
1099 1411 1334 1449 accuratius
1365 1412 1709 1464 inquisiverimus.
1769 1410 2030 1463 Strepsiades
2060 1426 2084 1450 a
2124 1411 2298 1450 Socrate
2339 1423 2431 1450 sen·

63 1528 71 1534 ἶ
179 1472 353 1529 tentiam
380 1473 587 1526 quandam
617 1474 802 1513 fallacem
833 1481 957 1527 atque
988 1474 1169 1513 furacem
1201 1478 1444 1527 excogitare
1480 1477 1651 1529 jubetur
1687 1491 1723 1515 v.
1764 1477 1864 1525 695,
1901 1477 1972 1516 sed
2011 1491 2054 1515 se
2095 1483 2206 1515 recte
2245 1476 2430 1528 cogitare

13 1532 60 1600 '⁵'
115 1557 118 1560 ⁴
178 1551 265 1580 uon
304 1553 451 1593 posse,
495 1551 620 1595 quum
656 1541 821 1580 cimices
862 1531 1040 1580 se'male
1071 1547 1226 1580 vexent
1253 1548 1378 1595 atque
1409 1543 1593 1592 turbent,
1626 1542 1789 1595 saepius
1829 1543 2096 1595 conqueritur
2135 1545 2189 1588 (v.
2222 1542 2303 1583 709
2330 1554 2429 1596 sqq3

119 1606 122 1610 ⁴
178 1600 262 1654 725
290 1603 399 1660 sqq);
429 1619 512 1661 quo
543 1605 654 1645 facto
683 1605 879 1646 Socrates
908 1607 1045 1646 subito
1078 1606 1277 1660 loquitur:

114 1669 116 1671 ’
694 1670 789 1724 φέρε
819 1687 898 1712 νυν
926 1670 1100 1724 ἀθρήσω
1131 1673 1330 1721 πρῶτον
1360 1670 1382 1712 ὅ
1409 1687 1446 1712 τι
1476 1674 1552 1725 δρᾷ
1579 1674 1756 1722 τουτονί,

181 1736 280 1791 quin
312 1736 435 1777 etiam
465 1736 603 1776 addit:

694 1794 794 1843 οὗτο
859 1799 1085 1848 καθεύδει,

176 1874 306 1924 utque
334 1869 488 1922 repetit
513 1867 613 1906 illud
633 1817 886 1915 mandatgtim‚
918 1873 963 1906 ut
993 1817 1205 1919 exgogitet
1236 1866 1404 1920 aliquid,
1434 1869 1544 1920 quod
1574 1870 1668 1921 quid
1701 1870 1753 1907 sit
1782 1870 1915 1920 ipsum
1944 1867 2081 1906 dicere
2103 1868 2225 1920 J'ubet
2241 1867 2296 1920 (v.
2317 1868 2426 1916 737).

154 1928 303 1993 ἤμεε
333 1933 546 1987 quomodo
578 1933 802 1973 convenire
833 1946 924 1972 cum
956 1933 1015 1971 eis
1046 1947 1151 1985 quae
1182 1932 1440 1984 praecedunt
1469 1935 1642 1985 possint,
1673 1948 1755 1974 non
1788 1947 1995 1987 assequor.
2058 1932 2192 1972 Etiam
2223 1932 2302 1972 boc
2331 1932 2426 1974 loco

79 1994 305 2052 {gitur
334 2000 443 2037 duae
471 1999 738 2037 recensiones
768 1999 921 2037 mixtae
950 2004 1067 2037 sunt:
1095 1997 1236 2047 altera,
1266 1998 1306 2036 in
1338 2011 1420 2049 qua
1449 1997 1627 2038 dormire
1657 1999 1825 2038 videtur
1858 1997 2119 2051 Strepsiades
2158 1995 2444 2051 (731—739),

176 2059 322 2116 altera,
348 2064 390 2104 in
421 2077 503 2118 qua
532 2078 608 2116 per
637 2064 805 2103 cimices
837 2063 1016 2103 dormire
1057 2064 1093 2103 ei
1122 2076 1203 2102 non
1245 2062 1352 2103 licet.
1413 2063 1473 2102 Ne
1508 2064 1548 2102 in
1586 2065 1645 2103 eis
1684 2064 1848 2118 quidem
1887 2076 1992 2117 quae
2030 2069 2257 2116 sequuntur
2292 2061 2430 2103 omnia

178 2129 288 2172 bene
329 2129 584 2184 procedunt:
634 2134 679 2169 ut
717 2138 877 2169 taceam
917 2130 1061 2169 miram
1100 2128 1208 2168 illam
1247 2127 1434 2168 Socratis
1471 2129 1793 2182 indignationem
1832 2144 1899 2171 vv,
1939 2129 2017 2170 785
2054 2142 2133 2183 qq.,
2173 2142 2256 2182 qua
2292 2134 2428 2169 motus

89 2201 100 2243 ζ
148 2190 463 2251 ·Btrepsiadem
495 2209 619 2250 quum
650 2209 774 2236 unum
807 2210 949 2236 eorum
981 2209 1086 2249 quae
1117 2195 1320 2235 didicerat
1350 2196 1484 2235 nescit
1513 2195 1649 2235 subito
1681 2196 1806 2235 domo
1838 2194 2009 2248 expellit
2025 2197 2094 2243 (ex
2119 2206 2201 2247 qua
2229 2194 2425 2248 colligen-

173 2327 447 2376 testimonia),
468 2325 564 2387 jure
593 2330 737 2366 nostro
766 2327 972 2377 miramur,
1003 2327 1112 2380 quod
1145 2340 1169 2364 a
1200 2325 1376 2365 Socrate
1408 2325 1604 2378 expulsus
1632 2331 1829 2377 remanet,
1858 2325 1982 2365 immo
2011 2334 2112 2364 vero
2141 2338 2233 2364 eum
2274 2338 2318 2364 se
2355 2323 2426 2364 ali·

124 2380 375 2448 &quamdiu
413 2405 581 2431 manere
612 2391 736 2445 jubet
772 2390 827 2444 (V.
870 2391 981 2444 803).
1054 2392 1101 2431 In
1142 2391 1272 2430 altero
1309 2391 1396 2443 jam
1439 2390 1651 2430 Ernestius
1693 2391 1867 2430 offendit
1903 2396 2027 2442 atque
2062 2389 2192 2429 verba
2231 2389 2429 2430 nonnuli·

172 2521 322 2566 abac
349 2522 639 2575 transpositus,
668 2521 749 2562 hoc
778 2522 872 2562 loco
903 2537 957 2562 ex
977 2529 1095 2562 textu
1127 2521 1399 2575 expellendus
1427 2523 1487 2561 sit
1508 2522 1669 2562 ——Jam
1696 2528 1854 2562 restant
1883 2521 1996 2562 chori
2026 2521 2189 2561 cantica
2215 2519 2309 2561 huic
2338 2522 2423 2575 epi·

124 2654 315 2718 punita
341 2658 438 2694 sunt
468 2653 563 2693 loco
593 2658 691 2706 apta
721 2667 810 2693 esse
842 2667 924 2692 non
955 2654 1159 2695 videntur.
1219 2654 1286 2693 Ex
1318 2667 1367 2693 eo
1398 2653 1507 2707 quod
1540 2654 1653 2706 prius
1683 2654 1887 2692 canticum
1918 2652 2082 2692 duobus
2112 2650 2304 2692 versibus
2332 2650 2426 2692 bre·

131 2729 274 2770 ma
293 2725 361 2770 eet
385 2732 509 2774 quam
537 2718 722 2768 alterum,
752 2718 849 2758 nihil
879 2718 931 2758 de
959 2721 1254 2759 retractatione
1284 2725 1355 2758 aut
1371 2719 1555 2772 perfecta
1583 2726 1655 2759 aut
1683 2718 1925 2770 imperfecta
1953 2716 2149 2770 colligere
2176 2722 2444 2769 possumus:—

126 2930 164 2975 55²
308 2945 332 2986 ²)
355 2945 523 2980 Fon-aee
545 2948 643 2979 reete
667 2945 834 2978 Kochlius
860 2955 910 2977 vv.
935 2946 999 2978 635
1023 2950 1059 2978 et
1081 2947 1144 2978 694
1168 2945 1415 2987 conglutinavit
1437 2944 1611 2979 scribens:

250 3003 253 3005 ’
692 2999 821 3039 dnicae
843 3012 873 3032 u
895 2999 1048 3033 κατάθου
1072 2997 1157 3033 κᾶτα
1180 3002 1398 3038 κατακλινής.

64 862 67 869 ,
2010 826 2175 866 Deinde
2451 843 2476 859 νε

0 886 109 910 ²
141 877 335 925 diutius
375 883 415 923 in
442 896 487 923 re
519 883 693 924 metrica
728 891 852 938 atque
890 884 941 924 de
970 886 1195 926 verborum
1236 886 1539 940 significatione
1580 888 1754 928 instituit
1784 888 2065 943 Strepsiadem
2092 888 2148 945 (V.
2182 831 2476 948 δξέἷῖςδζὲἶ,

129 2293 144 2309 -.-
175 2261 291 2303 dun
304 2275 397 2301 ease
425 2262 590 2300 videtur
619 2260 901 2313 Strepsiadem
932 2263 971 2300 in
1011 2263 1149 2314 priore
1193 2261 1377 2301 editione
1425 2261 1542 2313 plura
1589 2261 1768 2301 edidisse
1806 2261 2027 2301 oblivionis
2065 2265 2188 2312 atque
2230 2259 2447 2300 stultitiae⁴

39 2460 64 2486 ’ἕ
123 2458 337 2518 >mutare
366 2456 520 2507 voluit;
551 2456 649 2496 mihi
676 2470 760 2495 non
792 2456 963 2496 dubium
995 2471 1084 2496 esse
1115 2458 1292 2507 videtur,
1322 2457 1417 2510 quin
1449 2471 1590 2496 versus
1614 2457 1680 2496 ille
1703 2458 1796 2507 803,
1825 2471 1877 2496 ex
1906 2470 1945 2497 v,
1967 2456 2045 2496 843
2075 2455 2181 2495 male
2209 2455 2425 2495 conflatus
2478 2466 2494 2473 ‘
2526 2433 2542 2509 ἶ

43 2568 297 2647 '2:³³'ssg'1'sndso
327 2588 483 2628 inserta
518 2586 770 2641 (700—706,
808 2587 1065 2641 804-813):
1115 2602 1220 2642 quae
1266 2588 1440 2641 primum
1477 2587 1554 2626 sibi
1593 2601 1675 2626 non
1713 2586 1986 2640 respondent,
2036 2585 2185 2626 deinde
2222 2598 2300 2625 suo
2339 2596 2450 2640 quo

121 2796 282 2842 gnam
299 2775 383 2825 tale
403 2783 502 2840 quid
544 2783 806 2837 neglegentia
829 2797 994 2837 quoque
1025 2785 1286 2824 librariorum
1312 2784 1501 2823 effectum
1531 2799 1621 2824 csse
1645 2790 1795 2838 potest,
1825 2783 2012 2836 quamvis
2041 2781 2189 2821 lacuna
2216 2781 2257 2820 in
2282 2781 2459 2834 priore
2462 2840 2465 2842 Β
