2630 3328
279 578 490 632 οὖαὶὶιιο
515 585 747 629 *feustelius
782 586 974 627 Kockius
1009 587 1220 641 fecerunt,
1258 595 1442 631 attamen
1468 601 1524 629 ex
1550 579 1617 635 ζου
1652 570 1821 643 colligi&
1816 597 1946 632 m

139 650 443 707 kelta-cationi
464 651 524 694 illi
549 652 806 694 interfuisse·
832 651 913 692 hoc
942 666 993 693 eo
1025 654 1261 708 impeditur,
1288 653 1402 709 quod
1429 667 1506 708 per
1530 658 1662 694 totam
1690 666 1798 709 quae
1836 651 2046 709 sequitur
2088 678 2095 686 ·
2082 650 2137 657 ’

15 715 70 742 '³⁸‘
118 714 131 739 ³
175 714 263 762 ison
290 717 486 774 loquitur,
514 732 593 759 nec
621 719 754 759 minus
781 732 831 758 eo
861 718 974 772 quod
1000 717 1129 760 filium
1160 734 1330 775 prorsus
1357 718 1523 760 Socrati
1561 718 1734 759 tradidit
1775 732 1910 786 neque
1945 711 2241 761 instintione-i

21 783 30 790 ²
175 783 277 826 vult.
335 783 462 835 Quod
492 790 710 838 praeterea
738 798 805 826 vv
839 784 943 825 1105
972 799 1033 839 sq.
1065 793 1107 826 et
1141 791 1237 827 1111
1285 800 1369 826 non
1407 785 1599 836 Socrati,
1635 784 1709 824 sed
1752 781 1910 838 injusto
1933 785 2106 834 oratori
2140 783 2333 841 dandos
2341 781 2347 785 ’

175 857 332 902 censet,
358 851 439 890 hoc
468 864 591 891 nemo
621 851 707 890 fere
736 856 849 890 recte
878 848 969 890 fieri
999 853 1221 904 concedet,
1252 866 1347 891 nam
1377 865 1511 905 neque
1542 851 1695 904 injusto
1727 852 1884 892 oratori
1917 850 2020 891 haec
2046 849 2178 891 verba
2205 856 2317 905 apta
2324 843 2429 906 m

175 913 237 971 (id
266 915 380 970 quod
407 914 637 956 Teuffelius
665 914 690 956 l.
708 928 743 957 c.
760 929 800 968 p.
825 914 905 955 338
933 915 1120 969 pluribus
1149 916 1360 970 ostendit),
1386 930 1519 970 neque
1550 917 1627 955 hac
1666 917 1897 956 mutatione
1922 915 2186 956 difficultates
2213 908 2416 969 tolluntui?

130 992 132 995 ·
176 979 320 1033 Quare
349 979 450 1021 nihil
478 986 634 1020 restare
664 980 841 1031 videtur,
870 982 948 1020 nisi
980 988 1023 1020 ut
1050 982 1680 1023 vv.814-881.1105—1112
1708 996 1761 1021 ex
1792 982 1929 1034 priore
1958 981 2140 1021 editione
2167 981 2434 1040 remansisses
2458 986 2475 1016 ἰ’

174 1061 215 1090 v.
235 1046 466 1088 882-888
498 1048 537 1086 in
577 1046 707 1086 altera
746 1046 913 1086 additos
954 1062 1042 1086 esse
1079 1062 1339 1100 censeamus,
1384 1048 1440 1087 ita
1475 1061 1600 1097 vero,
1639 1052 1684 1087 ut
1718 1047 1777 1086 eis
1816 1060 1948 1087 nexus
1987 1046 2281 1088 sententiarum
2317 1042 2478 1094 mole

174 1112 366 1153 turbetur
393 1117 519 1165 atque
546 1111 880 1164 interrumpatur
924 1111 1028 1151 Post
1056 1127 1122 1152 vv.
1140 1114 1219 1153 888
1250 1113 1366 1153 chori
1396 1113 1598 1153 canticum
1630 1112 1779 1152 deesse
1806 1113 1895 1165 jam
1922 1112 1964 1151 in
1992 1111 2107 1151 libris
2136 1107 2441 1166 manuscripti&
2478 1116 2480 1120 ’

165 1184 298 1233 atque
323 1176 378 1218 ab
410 1176 602 1218 omnibus
631 1175 863 1218 editoribus
892 1183 1075 1217 notatum
1106 1185 1190 1229 est3
1221 1180 1457 1219 necessario
1487 1177 1731 1231 requiritur,
1761 1184 1806 1217 ut
1834 1177 1997 1217 duobus
2024 1176 2313 1229 histrionibus,
2354 1176 2439 1232 qui,

170 1248 297 1286 antea
329 1241 517 1299 Socratis
557 1248 598 1282 et
634 1241 887 1296 Strepsiadis
922 1248 1062 1296 partes
1103 1210 1273 1296 egei-ant
1313 1251 1352 1283 et
1380 1245 1468 1297 jam
1514 1244 1725 1296 utriusque
1767 1244 1943 1282 oratoris
1975 1250 2113 1295 partes
2150 1245 2284 1284 acturi
2317 1236 2426 1298 sunt,
2458 1263 2477 1294 „t

171 1310 349 1365 vestium
377 1309 667 1349 mutandarum
696 1315 856 1361 tempus
886 1308 1016 1348 detur.
1063 1309 1231 1361 Engero
1262 1309 1428 1363 quidem
1458 1309 1632 1349 concedi
1658 1314 1797 1361 potest
1822 1308 1902 1349 hoc
1924 1309 2132 1350 canticum
2162 1308 2425 1364 neglegentia
2530 1336 2545 1357 Δ,

170 1377 421 1429 scriptorum
451 1376 586 1414 omitti
625 1376 829 1428 potuisse,
871 1374 1129 1414 verisimilius
1171 1390 1269 1415 vero
1312 1382 1374 1416 est
1416 1377 1581 1429 poetam
1622 1376 1755 1428 ipsum
1813 1374 1854 1414 id
1898 1388 1982 1415 non
2019 1374 2264 1429 perfecisse:
2299 1375 2424 1417 etiam
2483 1376 2488 1396 ³

171 1440 226 1493 G.
257 1439 521 1482 Hermannus
544 1438 599 1481 ad
627 1455 666 1481 v.
696 1440 774 1482 887
807 1439 869 1480 ed.
899 1438 943 1479 II
973 1446 1111 1481 notat:
1145 1447 1351 1494 „ceterum
1382 1441 1484 1481 haec
1514 1441 1665 1480 cantici
1694 1440 1864 1480 omissio
1903 1441 2044 1479 nescio
2071 1454 2123 1479 an
2153 1441 2195 1479 in
2221 1442 2270 1481 iis
2297 1442 2423 1482 rebus
2615 1470 2623 1478 .

168 1506 379 1547 numerari
409 1505 574 1556 debeat,
604 1519 710 1558 quae
739 1506 962 1544 secundam
989 1506 1169 1545 Nubium
1197 1508 1421 1546 editionem
1453 1521 1534 1545 non
1572 1507 1799 1559 perfectam
1840 1520 1864 1544 a
1904 1506 2030 1558 poeta
2067 1520 2157 1546 esse
2198 1506 2420 1549 indicent.“
2539 1490 2550 1502 Ἴ

280 1570 478 1625 Sequitur
506 1570 738 1624 episodium
767 1577 955 1624 quartum
987 1569 1105 1624 (889—
1149 1572 1283 1623 1104),
1311 1586 1394 1625 quo
1424 1577 1514 1611 toto
1541 1571 1755 1611 altercatio
1778 1571 1883 1625 justi
1915 1576 2038 1624 atque
2077 1571 2216 1624 injusti
2245 1573 2422 1616 oratoris

169 1637 419 1678 continetur.
477 1635 575 1675 Hoc
603 1636 837 1689 episodium
865 1642 997 1677 totum
1025 1638 1064 1676 in
1096 1636 1223 1677 altera
1251 1636 1433 1677 editione
1463 1636 1648 1676 additum
1677 1651 1767 1677 esse
1800 1643 1841 1676 et
1870 1638 1912 1676 in
1946 1650 1996 1677 eo
2026 1650 2225 1677 summam
2253 1637 2422 1679 alterius
2469 1679 2495 1686 „

166 1701 363 1744 editionis
385 1702 682 1757 praestantiam
711 1703 888 1756 positam
918 1716 1008 1742 esse
1036 1708 1134 1755 post
1162 1710 1450 1755 argumentum
1485 1702 1584 1741 illud
1624 1709 1786 1742 sextum
1821 1717 1967 1743 omnes
1998 1703 2178 1743 editores
2208 1716 2422 1744 concessee

165 1774 275 1812 runt.
318 1768 383 1808 Ne
409 1768 516 1808 hanc
545 1767 712 1820 quidem
740 1774 899 1821 partem
927 1768 1049 1821 plane
1077 1769 1303 1823 perfectam
1335 1783 1425 1809 esse
1442 1769 1667 1822 praecipue
1696 1767 1924 1809 Teuffelius
1953 1767 2178 1819 contendit,
2206 1768 2276 1823 qui
2303 1767 2424 1824 hujus

160 1834 228 1879 rei
254 1834 433 1888 vestigia
458 1834 501 1873 in
539 1833 703 1874 duobus
742 1832 857 1873 chori
900 1834 1072 1873 canticis
1117 1833 1353 1886 (950-956
1385 1841 1426 1874 et
1460 1834 1755 1887 1025—1031)
1804 1835 2037 1888 repperisse
2083 1833 2162 1874 sibi
2193 1834 2305 1874 visus
2346 1839 2422 1878 est.

163 1897 263 1940 Hoc
291 1905 429 1939 utrum
445 1912 589 1939 verum
616 1900 670 1938 sit
699 1913 829 1938 necne
849 1899 1076 1952 dijudicare
1100 1914 1182 1939 non
1200 1901 1352 1950 ausim3
1380 1901 1453 1940 sed
1481 1900 1561 1940 alia
1576 1899 1754 1954 quadam
1786 1914 1829 1939 re
1855 1899 2018 1940 ostendi
2041 1912 2165 1953 posse
2191 1892 2444 1952 putaverim*

162 1962 274 2006 hano
302 1979 471 2006 scenam
505 1979 593 2005 non
631 1963 821 2005 omnibus
861 1966 1041 2005 numeris
1078 1965 1302 2017 perfectam
1339 1971 1463 2020 atque
1509 1965 1741 2006 absolutam
1785 1979 1888 2005 esse.
1958 1965 2062 2005 Nam
2102 1965 2143 2004 in
2181 1964 2258 2004 hac
2296 1977 2424 2014 scena

138 2029 322 2087 ‘initium
352 2029 565 2085 quoddam
594 2031 882 2084 symmetricae
911 2032 1193 2084 responsionis
1235 2031 1616 2085 comprehenditur,
1654 2045 1789 2084 neque
1830 2045 1930 2070 vero
1970 2031 2074 2070 haec
2111 2031 2328 2082 responsio
2365 2029 2420 2072 ad
2453 2073 2455 2075 ,
2512 2024 2551 2080 Ξ.

159 2095 286 2139 finem
324 2096 528 2150 perducta
566 2102 642 2137 est.
724 2097 954 2149 Excipiunt
1000 2098 1104 2136 enim
1153 2097 1364 2150 stropham
1420 2097 1533 2137 chori
1580 2103 1842 2137 tetrametros
1902 2097 2192 2149 anapaesticos
2238 2102 2421 2150 systema
2450 2099 2545 2149 ζ’

160 2162 472 2222 ωψοοεῐὶοῐιω
517 2161 634 2202 chori
676 2160 958 2215 antistropha,
997 2162 1083 2203 fere
1111 2163 1284 2203 totidem
1319 2164 1545 2203 tetrametri
1575 2164 1849 2217 anapaestici,
1891 2163 2159 2217 antisystema
2188 2161 2419 2216 anapaesti·
2481 2152 2507 2159 '⁷

155 2240 279 2281 ,οπως
327 2226 403 2269 sed
445 2241 581 2282 neque
617 2227 846 2268 tetrametri
892 2240 1028 2282 neque
1074 2233 1299 2282 systemata
1338 2230 1517 2268 numeris
1566 2228 1688 2282 plane
1736 2230 1843 2268 inter
1893 2242 1937 2268 se
1997 2228 2259 2267 conveniunt.
2330 2226 2446 2268 Nec.

158 2307 262 2335 vero
305 2293 412 2334 hanc
449 2293 786 2347 aequabilitatem
831 2295 888 2333 ita
930 2295 1224 2334 restituendam
1254 2309 1345 2334 esse
1388 2296 1638 2347 putaverim,
1679 2301 1724 2335 ut
1767 2309 1858 2335 cum
1893 2294 1957 2335 W.
1997 2292 2193 2348 Helbigio
2222 2293 2281 2345 (in
2315 2306 2418 2337 mut.
2442 2332 2451 2338 .,

157 2358 273 2401 rhen.
318 2359 404 2402 vol.
446 2358 530 2399 XV
572 2374 612 2413 p.
657 2359 736 2400 251
778 2358 887 2414 sqq.)
931 2366 972 2401 et
1011 2359 1049 2401 J.
1094 2359 1222 2401 Oerio
1253 2361 1310 2412 (in
1348 2360 1480 2402 annal.
1523 2360 1665 2414 philol.
1694 2359 1777 2400 vol.
1822 2360 1897 2400 101
1930 2374 1971 2413 p.
2003 2358 2102 2414 357)
2138 2364 2234 2413 post
2273 2358 2419 2404 v.963
2529 2378 2568 2421 ‘0'

158 2423 267 2466 duos
294 2438 439 2465 versus
469 2425 675 2465 excidisse
706 2431 946 2475 statuamus,
974 2439 1067 2464 nam
1098 2427 1139 2464 in
1166 2427 1370 2465 sententia
1410 2427 1556 2465 lacuna
1601 2441 1683 2465 non
1723 2427 1855 2475 inest3
1891 2425 1966 2464 sed
2007 2425 2322 2465 concedendum
2355 2428 2418 2465 est

134 2501 251 2544 „elam
279 2491 337 2529 ita
366 2490 658 2543 explicandam
684 2505 788 2540 esse,
818 2499 863 2531 ut
893 2493 1061 2543 poetam
1091 2491 1196 2531 hanc
1225 2506 1394 2531 scenam
1424 2506 1506 2531 non
1536 2490 1658 2544 plane
1689 2490 1914 2544 perfecisse
1944 2503 2199 2531 censeamus.

269 2556 338 2596 De
368 2571 436 2596 vv.
469 2557 742 2599 1105-1113
759 2557 849 2611 jam
878 2563 1001 2597 antea
1030 2557 1186 2610 egimus
1217 2555 1309 2612 (cfr.
1341 2571 1434 2611 pag.
1471 2557 1544 2610 13)
1575 2570 1730 2611 eosque
1772 2570 1825 2597 ex
1852 2557 1992 2610 priore
2030 2556 2212 2596 editione
2249 2553 2417 2594 additos
2444 2564 2456 2584 ν
2483 2545 2550 2590 '³⁷-

155 2634 250 2664 esse
279 2621 546 2664 ostendimus.
605 2622 701 2663 Uno
732 2622 864 2663 verbo
895 2635 995 2662 vero
1024 2623 1248 2663 notandum
1281 2630 1362 2672 est,
1392 2637 1473 2677 qua
1502 2625 1666 2663 ratione
1710 2622 1761 2662 Gr.
1808 2622 2070 2661 Hermannus
2107 2619 2227 2674 hujus
2266 2625 2419 2665 scenae

156 2682 426 2729 difficultates
466 2688 614 2727 tollere
660 2689 877 2729 studuerit.
945 2689 1062 2728 Haec
1098 2691 1149 2728 ad
1188 2705 1225 2729 v.
1267 2691 1371 2730 1107
1414 2696 1586 2730 annotat
1623 2697 1704 2740 (est
1739 2688 1931 2729 v.1104
1971 2693 2149 2728 nostrae
2179 2681 2434 2739 Θάἰῐίοιιίο)ζμ

126 2752 291 2807 ,Post
315 2752 427 2794 hune
464 2767 629 2794 versum
666 2753 964 2808 aliquantisper
1001 2754 1112 2795 solus
1143 2756 1183 2795 in
1213 2769 1339 2796 scena
1368 2761 1477 2795 stare
1504 2755 1669 2796 videtur
1707 2753 2004 2807 Phidippides,
2045 2752 2141 2792 dum
2180 2746 2437 2803 histriones(

5 2839 43 2877 ,2
108 2819 226 2876 qui
256 2825 474 2862 oratorum
499 2832 702 2873 personas
730 2825 924 2873 egerant,
966 2827 1123 2861 mutato
1153 2822 1194 2861 in
1227 2817 1475 2876 postsceniis
1504 2822 1679 2873 vestitu,
1719 2821 1761 2860 in
1795 2819 2012 2859 Socratem
2054 2823 2094 2857 et
2132 2813 2416 2871 Strepsiadem

115 2877 301 2945 'mutati
328 2898 404 2926 sua
429 2890 605 2939 uterque
634 2900 657 2926 e
691 2885 817 2926 domo
849 2893 1012 2926 exeunt.
1020 2887 1040 2909 “
1101 2887 1217 2928 Haec
1246 2889 1352 2928 ratio
1383 2895 1465 2928 tam
1496 2887 1631 2928 aliena
1674 2892 1736 2927 est
1775 2900 1800 2925 a
1839 2883 2138 2926 consuetudine
2167 2896 2252 2923 nou
2275 2881 2414 2935 solum

285 2971 314 3013 ¹)
337 2971 425 3006 uber
448 2971 503 3007 die
524 2971 614 3007 zahl
639 2971 702 3006 der
725 2972 971 3014 Schauspieler
996 2973 1052 3006 bei
1076 2974 1337 3016 Aristophanes,
1363 2975 1398 3009 S.
1424 2975 1518 3008 115f.
